<?xml version="1.0" encoding="UTF-8"?><collection xmlns="http://www.loc.gov/MARC21/slim"><record><leader>00607nam--2200205-i-4500</leader><controlfield tag="001">000045602</controlfield><controlfield tag="002">20161230</controlfield><controlfield tag="005">20161230201045</controlfield><controlfield tag="008">060222s1000------------r-----000-0-rus-d</controlfield><datafield ind1=" " ind2=" " tag="040"><subfield code="a">IFIN-HH</subfield></datafield><datafield ind1=" " ind2=" " tag="041"><subfield code="a">rus</subfield></datafield><datafield ind1=" " ind2=" " tag="080"><subfield code="a">535.338.42:548.7</subfield></datafield><datafield ind1="1" ind2=" " tag="100"><subfield code="a">Poulet, Henri</subfield></datafield><datafield ind1="1" ind2="0" tag="245"><subfield code="a">Kolebatelinie spektri i simmetria kristaallov</subfield><subfield code="c">Henri poulet; jean-paul mathieu</subfield></datafield><datafield ind1=" " ind2=" " tag="260"><subfield code="a">Moskva</subfield><subfield code="b">Mir</subfield><subfield code="c">1973</subfield></datafield><datafield ind1=" " ind2=" " tag="300"><subfield code="a">437p</subfield></datafield><datafield ind1=" " ind2=" " tag="500"><subfield code="a">Titlul original in limba franceza: SPECTRES DE VIBRATION ET SYMETRIE DES CRISTAUX</subfield></datafield><datafield ind1="1" ind2=" " tag="700"><subfield code="a">Mathieu, Jean-Paul</subfield></datafield><datafield ind1=" " ind2=" " tag="852"><subfield code="a">40893</subfield><subfield code="c">535.33</subfield></datafield><datafield ind1=" " ind2=" " tag="CAT"><subfield code="a">Sys</subfield><subfield code="c">20101206</subfield><subfield code="h">150044</subfield></datafield></record></collection>